<?xml version="1.0" encoding="UTF-8"?><collection xmlns="http://www.loc.gov/MARC21/slim"><record><leader>00371nam--2200133-i-4500</leader><controlfield tag="001">000001939</controlfield><controlfield tag="002">20161230</controlfield><controlfield tag="005">20161230201024</controlfield><controlfield tag="008">060222s1000------------r-----000-0-eng-d</controlfield><datafield ind1=" " ind2=" " tag="080"><subfield code="a">029:53(092)(01)</subfield></datafield><datafield ind1=" " ind2=" " tag="100"><subfield code="a">Goldman, Martin</subfield></datafield><datafield ind1=" " ind2=" " tag="245"><subfield code="a">The demon in the aether.the story of james clerk maxwell</subfield></datafield><datafield ind1=" " ind2=" " tag="260"><subfield code="a">Edinburgh, Paul Harris Publishing, 1983. 224 P</subfield></datafield><datafield ind1=" " ind2=" " tag="852"><subfield code="a">74116</subfield></datafield></record></collection>